<record><leader>00000cas a22000007a 4500</leader><controlfield tag="001">18219054</controlfield><controlfield tag="008">880715d193819uunyuuu ne      0    0eng d</controlfield><datafield ind1=" " ind2=" " tag="010"><subfield code="a">sn 88074270 </subfield></datafield><datafield ind1=" " ind2=" " tag="040"><subfield code="a">NYS</subfield><subfield code="b">eng</subfield><subfield code="c">NYS</subfield><subfield code="d">OCLCQ</subfield></datafield><datafield ind1=" " ind2=" " tag="042"><subfield code="a">msc</subfield></datafield><datafield ind1="0" ind2="0" tag="245"><subfield code="a">Cayuga valley record.</subfield></datafield><datafield ind1=" " ind2=" " tag="260"><subfield code="a">Cowlesville, N.Y. :</subfield><subfield code="b">G.G. Hunt, D. Taber, &amp; O. Grassell,</subfield><subfield code="c">1938-</subfield></datafield><datafield ind1=" " ind2=" " tag="300"><subfield code="a">v.</subfield></datafield><datafield ind1="0" ind2=" " tag="362"><subfield code="a">Vol. 1, no. 1 (May 25, 1938)-</subfield></datafield><datafield ind1=" " ind2="4" tag="651"><subfield code="a">Cowlesville (N.Y.)</subfield><subfield code="v">Newspapers.</subfield></datafield><datafield ind1=" " ind2=" " tag="752"><subfield code="a">United States</subfield><subfield code="b">New York</subfield><subfield code="c">Wyoming</subfield><subfield code="d">Cowlesville.</subfield></datafield></record>